<record><leader>00000cas a22000007i 4500</leader><controlfield tag="001">27345443</controlfield><controlfield tag="008">930129d18901896ctudr ne      0    0eng d</controlfield><datafield ind1=" " ind2=" " tag="010"><subfield code="a">sn 93053722 </subfield><subfield code="z">sn 94053165 </subfield></datafield><datafield ind1=" " ind2=" " tag="040"><subfield code="a">CNW</subfield><subfield code="b">eng</subfield><subfield code="e">rda</subfield><subfield code="c">CNW</subfield><subfield code="d">OCLCQ</subfield><subfield code="d">CZL</subfield><subfield code="d">OCLCQ</subfield><subfield code="d">OCLCF</subfield></datafield><datafield ind1=" " ind2=" " tag="019"><subfield code="a">30771843</subfield></datafield><datafield ind1="1" ind2=" " tag="029"><subfield code="a">AU@</subfield><subfield code="b">000020713648</subfield></datafield><datafield ind1="1" ind2=" " tag="029"><subfield code="a">AU@</subfield><subfield code="b">000025873698</subfield></datafield><datafield ind1=" " ind2=" " tag="042"><subfield code="a">msc</subfield></datafield><datafield ind1=" " ind2=" " tag="043"><subfield code="a">n-us-ct</subfield></datafield><datafield ind1=" " ind2="4" tag="050"><subfield code="a">AN104.N9</subfield><subfield code="b">R43</subfield></datafield><datafield ind1="0" ind2="0" tag="245"><subfield code="a">Daily Norwalk gazette and Saturday's Norwalk record.</subfield></datafield><datafield ind1="3" ind2=" " tag="246"><subfield code="a">Daily Norwalk gazette and Saturday's record</subfield></datafield><datafield ind1="1" ind2=" " tag="246"><subfield code="i">Weekday issues have title:</subfield><subfield code="a">Daily Norwalk gazette</subfield></datafield><datafield ind1=" " ind2=" " tag="260"><subfield code="a">Norwalk, Conn. :</subfield><subfield code="b">Allen G. Betts,</subfield><subfield code="c">1890-1896.</subfield></datafield><datafield ind1=" " ind2=" " tag="300"><subfield code="a">volumes</subfield></datafield><datafield ind1=" " ind2=" " tag="310"><subfield code="a">4 issues a week including Saturday issue,</subfield><subfield code="b">Dec. 20-27, 1890</subfield></datafield><datafield ind1=" " ind2=" " tag="336"><subfield code="a">text</subfield><subfield code="b">txt</subfield><subfield code="2">rdacontent</subfield></datafield><datafield ind1=" " ind2=" " tag="337"><subfield code="a">unmediated</subfield><subfield code="b">n</subfield><subfield code="2">rdamedia</subfield></datafield><datafield ind1=" " ind2=" " tag="338"><subfield code="a">volume</subfield><subfield code="b">nc</subfield><subfield code="2">rdacarrier</subfield></datafield><datafield ind1="1" ind2=" " tag="362"><subfield code="a">Began in 1890.</subfield></datafield><datafield ind1=" " ind2=" " tag="500"><subfield code="a">"Daily" appears above masthead ornament.</subfield></datafield><datafield ind1=" " ind2=" " tag="500"><subfield code="a">Reference to "Saturday's Norwalk record" in title dropped after Dec. 27, 1890 issue.</subfield></datafield><datafield ind1=" " ind2=" " tag="515"><subfield code="a">Number indicates that between the two Saturday issues Dec. 20-27,1890, the newspaper was published on Monday, Tuesday and Friday.</subfield></datafield><datafield ind1=" " ind2=" " tag="530"><subfield code="a">Also issued on microfilm from Connecticut State Library, Hartford, CT.</subfield></datafield><datafield ind1=" " ind2=" " tag="588"><subfield code="a">Description based on: Vol. 1, no. 1 (Dec. 20, 1890).</subfield></datafield><datafield ind1=" " ind2=" " tag="588"><subfield code="a">Latest issue consulted: Vol. 6 whole no. 1290 (Feb. 1, 1896).</subfield></datafield><datafield ind1=" " ind2="0" tag="651"><subfield code="a">Norwalk (Conn.)</subfield><subfield code="v">Newspapers.</subfield></datafield><datafield ind1=" " ind2="7" tag="651"><subfield code="a">Connecticut</subfield><subfield code="z">Norwalk.</subfield><subfield code="2">fast</subfield><subfield code="0">(OCoLC)fst01209529</subfield></datafield><datafield ind1=" " ind2="7" tag="655"><subfield code="a">Newspapers.</subfield><subfield code="2">fast</subfield><subfield code="0">(OCoLC)fst01423814</subfield></datafield><datafield ind1=" " ind2=" " tag="752"><subfield code="a">United States</subfield><subfield code="b">Connecticut</subfield><subfield code="c">Fairfield</subfield><subfield code="d">Norwalk.</subfield></datafield><datafield ind1="0" ind2=" " tag="775"><subfield code="t">Norwalk weekly gazette</subfield><subfield code="w">(DLC)sn 93053723</subfield></datafield><datafield ind1="0" ind2="0" tag="780"><subfield code="t">Norwalk record</subfield><subfield code="w">(DLC)sn 92051483</subfield><subfield code="w">(OCoLC)26875677</subfield></datafield><datafield ind1="0" ind2="0" tag="785"><subfield code="t">Evening gazette (Norwalk, Conn.)</subfield><subfield code="w">(DLC)sn 94053230</subfield><subfield code="w">(OCoLC)31029869</subfield></datafield></record>